<record><leader>00000cas a22000007a 4500</leader><controlfield tag="001">14368785</controlfield><controlfield tag="008">861009d19621964nvucr ne      0    0eng d</controlfield><datafield ind1=" " ind2=" " tag="010"><subfield code="a">sn 86076412 </subfield></datafield><datafield ind1=" " ind2=" " tag="040"><subfield code="a">NNX</subfield><subfield code="b">eng</subfield><subfield code="c">NNX</subfield><subfield code="d">OCLCQ</subfield></datafield><datafield ind1=" " ind2=" " tag="042"><subfield code="a">msc</subfield></datafield><datafield ind1="0" ind2="0" tag="245"><subfield code="a">North Las Vegas valley times-news and Moapa-Virgin valley times.</subfield></datafield><datafield ind1="1" ind2="3" tag="246"><subfield code="a">Moapa-Virgin valley times</subfield></datafield><datafield ind1="1" ind2="7" tag="246"><subfield code="a">Valley times-news</subfield></datafield><datafield ind1=" " ind2=" " tag="260"><subfield code="a">North Las Vegas, Nev. :</subfield><subfield code="b">A. Yacienda,</subfield><subfield code="c">1962-1964.</subfield></datafield><datafield ind1=" " ind2=" " tag="300"><subfield code="a">2 v. :</subfield><subfield code="b">ill.</subfield></datafield><datafield ind1=" " ind2=" " tag="310"><subfield code="a">Semiweekly,</subfield><subfield code="b">Jan. 7, 1963-Nov. 2, 1964</subfield></datafield><datafield ind1=" " ind2=" " tag="321"><subfield code="a">Weekly,</subfield><subfield code="b">June 13, 1962-Jan. 3, 1963</subfield></datafield><datafield ind1="0" ind2=" " tag="362"><subfield code="a">Vol. 15, no. 47 (June 13, 1962)-v. 16, no. 217 (Nov. 2, 1964).</subfield></datafield><datafield ind1=" " ind2=" " tag="500"><subfield code="a">Added masthead title: Moapa-Virgin valley times, June 13, 1962-June 1, 1964.</subfield></datafield><datafield ind1=" " ind2=" " tag="752"><subfield code="a">United States</subfield><subfield code="b">Nevada</subfield><subfield code="c">Clark</subfield><subfield code="d">North Las Vegas.</subfield></datafield><datafield ind1="0" ind2="0" tag="780"><subfield code="t">North Las Vegas valley times-news combined with the Overton echo</subfield><subfield code="w">(DLC)sn 86076411</subfield><subfield code="w">(OCoLC)14368704</subfield></datafield><datafield ind1="0" ind2="0" tag="785"><subfield code="t">North Las Vegas valley times and Moapa-Virgin valley times</subfield><subfield code="w">(DLC)sn 86076413</subfield></datafield></record>